@article{ecuacionesDiferencialesRainville,
    author = "{Ear D, Rainville V}.{Phillip E. Bedient}.{Richard e. Bedient}",
    title  =  "{Ecuaciones Difrencias}",
    number =       "8vo.",
    pages =        "1--29",
    year =         "1998",
}

